@article{madden2005tinydb,
  title={{TinyDB: An Acquisitional Query Processing System for Sensor Networks}},
  author={Madden, Samuel R and Franklin, Michael J and Hellerstein, Joseph M and Hong, Wei},
  journal={ACM Transactions on database systems (TODS)},
  volume={30},
  number={1},
  pages={122--173},
  year={2005},
  publisher={ACM New York, NY, USA}
}

@inproceedings{madden2002supporting,
  title={{Supporting Aggregate Queries Over Ad-Hoc Wireless Sensor Networks}},
  author={Madden, Samuel and Szewczyk, Robert and Franklin, Michael J and Culler, David},
  booktitle={Proceedings Fourth IEEE Workshop on Mobile Computing Systems and Applications},
  pages={49--58},
  year={2002},
  organization={IEEE}
}

@inproceedings{bacon2017spanner,
  title={{Spanner: Becoming a SQL System}},
  author={Bacon, David F and Bales, Nathan and Bruno, Nico and Cooper, Brian F and Dickinson, Adam and Fikes, Andrew and Fraser, Campbell and Gubarev, Andrey and Joshi, Milind and Kogan, Eugene and others},
  booktitle={Proceedings of the 2017 ACM International Conference on Management of Data},
  pages={331--343},
  year={2017}
}

@inproceedings{sun2010querying,
  title={{Querying Sensor Networks With Extended SQL}},
  author={Sun, Jun-Zhao and Zhou, Jiehan},
  booktitle={2010 IEEE International Conference on Wireless Communications, Networking and Information Security},
  pages={634--638},
  year={2010},
  organization={IEEE}
}

@online{cockroach-spatial-indexing,
    author={{Sumeer Bhola}},
    title={{How We Built Scalable Spatial Data \& Spatial Indexing in CockroachDB}},
    url={https://www.cockroachlabs.com/blog/how-we-built-spatial-indexing/},
    year={2020},
    month=dec,
    urldate="2020-12-18"
}
